<?xml version="1.0" encoding="UTF-8"?><collection xmlns="http://www.loc.gov/MARC21/slim"><record><leader>00520nam--2200181-i-4500</leader><controlfield tag="001">000008802</controlfield><controlfield tag="002">20161230</controlfield><controlfield tag="005">20161230201027</controlfield><controlfield tag="008">060222s1000------------r-----000-0-eng-d</controlfield><datafield ind1=" " ind2=" " tag="040"><subfield code="a">IFIN-HH</subfield></datafield><datafield ind1=" " ind2=" " tag="080"><subfield code="a">512.4:519.4</subfield></datafield><datafield ind1="1" ind2=" " tag="100"><subfield code="a">Cracknell, Arthur P</subfield></datafield><datafield ind1="1" ind2="0" tag="245"><subfield code="a">Applied group theory</subfield><subfield code="c">Arthur p. cracknell</subfield></datafield><datafield ind1=" " ind2=" " tag="260"><subfield code="a">Oxford</subfield><subfield code="b">Pergamon Press</subfield><subfield code="c">1968</subfield></datafield><datafield ind1=" " ind2=" " tag="300"><subfield code="a">XI+417P</subfield></datafield><datafield ind1=" " ind2=" " tag="490"><subfield code="a">The Commonwealth And International Library Selected Reading In Physics</subfield></datafield><datafield ind1=" " ind2=" " tag="852"><subfield code="a">30427</subfield><subfield code="c">519.4/5</subfield></datafield><datafield ind1=" " ind2=" " tag="CAT"><subfield code="a">Sys</subfield><subfield code="c">20130812</subfield><subfield code="h">152304</subfield></datafield></record></collection>